1516553899,12190.000000000000,0.001714530000
1516554542,11900.800000000000,0.000705090000
1516555053,11900.800000000000,0.002496500000
1516555053,11900.500000000000,0.003060000000
1516555053,11900.500000000000,0.003060000000
1516555053,11900.800000000000,0.018420000000
1516555053,11900.800000000000,0.011560000000
1516555053,11900.800000000000,0.001140000000
1516555084,11900.000000000000,0.002535300000
1516555084,11900.000000000000,0.006290510000
1516555339,11800.000000000000,0.012662710000
1516555342,11800.000000000000,0.002535600000
1516555342,11800.000000000000,0.002753500000
1516555354,11800.000000000000,0.002753500000
1516555430,11750.000000000000,0.001774470000
1516555430,11710.000000000000,0.041582580000
1516555543,11710.000000000000,0.001774470000
1516555738,11583.000000000000,0.004188740000
1516556228,11799.400000000000,0.004610870000
1516556229,11799.400000000000,0.001268690000
1516556235,11799.400000000000,0.004631690000
1516556261,11799.400000000000,0.002523010000
1516556262,11799.400000000000,0.002665950000
1516556262,11799.400000000000,0.001965740000
1516556274,11799.400000000000,0.004631690000
1516556309,11799.400000000000,0.004610870000
1516556310,11799.400000000000,0.001249490000
1516556333,11799.400000000000,0.002778110000
1516556333,11799.400000000000,0.001842000000
1516556342,11799.400000000000,0.001508980000
1516556342,11799.400000000000,0.003101890000
1516556346,11799.400000000000,0.003014450000
1516556375,11799.400000000000,0.004513540000
1516556375,11799.400000000000,0.000106570000
1516556401,11799.400000000000,0.002646460000
1516556401,11799.400000000000,0.001973650000
1516556413,11800.000000000000,0.001963760000
1516556413,11799.400000000000,0.002656350000
1516556417,11800.000000000000,0.002656350000
1516557180,11849.990000000000,0.000426160000
1516557526,11800.000000000000,0.061883760000
1516557526,11849.990000000000,0.012855220000
1516557532,11849.990000000000,0.063349680000
1516557551,11849.990000000000,0.049776450000
1516557570,11849.990000000000,0.064003570000
1516557573,11849.990000000000,0.023368320000
1516560126,11721.000000000000,0.001825400000
1516560126,11721.000000000000,0.001040790000
1516560126,11721.000000000000,0.000441110000
1516560171,11721.000000000000,0.004281490000
1516560622,11940.290000000000,0.000835680000
1516560628,11940.290000000000,0.000835680000
1516560635,11940.290000000000,0.000835680000
1516560646,11940.290000000000,0.000835680000
1516560651,11940.290000000000,0.000835680000
1516560659,11940.290000000000,0.000835680000
1516560672,11940.290000000000,0.000835680000
1516560680,11940.290000000000,0.000835680000
1516560687,11940.290000000000,0.000835680000
1516560694,11940.290000000000,0.000835680000
1516560702,11940.290000000000,0.000835680000
1516560713,11940.290000000000,0.000835680000
1516560716,11940.290000000000,0.000835680000
1516560724,11940.290000000000,0.000835680000
1516560731,11940.290000000000,0.000835680000
1516560743,11940.290000000000,0.000835680000
1516560747,11940.290000000000,0.000835680000
1516560756,11940.290000000000,0.000835680000
1516560762,11940.290000000000,0.000835680000
1516560770,11940.290000000000,0.000835680000
1516560777,11940.290000000000,0.000835680000
1516560784,11940.290000000000,0.000835680000
1516560796,11940.290000000000,0.000835680000
1516560800,11940.290000000000,0.000835680000
1516560807,11940.290000000000,0.000835680000
1516560813,11940.290000000000,0.000835680000
1516560822,11940.290000000000,0.000835680000
1516560828,11940.290000000000,0.000835680000
1516560836,11940.290000000000,0.000835680000
1516560844,11940.290000000000,0.000835680000
1516560854,11940.290000000000,0.000575260000
1516560857,11940.290000000000,0.000835680000
1516560865,11940.290000000000,0.000835680000
1516560872,11940.290000000000,0.000835680000
1516560879,11940.290000000000,0.000835680000
1516560886,11940.290000000000,0.000835680000
1516560894,11940.290000000000,0.000835680000
1516560900,11940.290000000000,0.000835680000
1516560922,11940.290000000000,0.000835680000
1516560930,11940.290000000000,0.000835680000
1516560936,11940.290000000000,0.000835680000
1516560944,11940.290000000000,0.000835680000
1516560950,11940.290000000000,0.000835680000
1516560957,11940.290000000000,0.000835680000
1516560965,11940.290000000000,0.000835680000
1516560974,11940.290000000000,0.000835680000
1516560976,11721.000000000000,0.001132770000
1516560978,11610.020000000000,0.003054350000
1516560978,11721.000000000000,0.004280000000
1516560978,11721.000000000000,0.003310000000
1516560978,11721.000000000000,0.017060000000
1516560978,11721.000000000000,0.008338440000
1516560980,11605.010000000000,0.116961720000
1516560980,11610.020000000000,0.059689730000
1516560982,11940.290000000000,0.000835680000
1516560988,11939.500000000000,0.000392720000
1516561001,11939.500000000000,0.000835680000
1516561005,11939.500000000000,0.000835680000
1516561011,11939.500000000000,0.000835680000
1516561018,11939.500000000000,0.000835680000
1516561025,11939.500000000000,0.000835680000
1516561034,11939.500000000000,0.000835680000
1516561040,11939.500000000000,0.000835680000
1516561048,11939.500000000000,0.000835680000
1516561056,11939.500000000000,0.000835680000
1516561066,11939.500000000000,0.000835680000
1516561074,11939.500000000000,0.000835680000
1516561080,11939.500000000000,0.000835680000
1516561088,11939.500000000000,0.000835680000
1516561096,11939.500000000000,0.000835680000
1516561109,11939.500000000000,0.000835680000
1516561132,11939.500000000000,0.000835680000
1516561138,11939.500000000000,0.000835680000
1516561146,11939.500000000000,0.000400720000
1516561146,11939.500000000000,0.000434960000
1516561154,11939.500000000000,0.000835680000
1516561161,11939.500000000000,0.000835680000
1516561184,11939.500000000000,0.000835680000
1516561192,11939.500000000000,0.000835680000
1516561198,11939.500000000000,0.000835680000
1516561206,11939.500000000000,0.000835680000
1516561214,11939.500000000000,0.000835680000
1516561220,11939.500000000000,0.000835680000
1516561231,11939.500000000000,0.000835680000
1516561243,11939.500000000000,0.000834010000
1516561250,11939.500000000000,0.000834010000
1516561251,11939.500000000000,0.000837360000
1516561264,11939.500000000000,0.000834010000
1516561270,11939.500000000000,0.000041030000
1516561271,11939.500000000000,0.000837360000
1516561274,11939.500000000000,0.000834010000
1516561280,11939.500000000000,0.000834010000
1516561323,11610.700000000000,0.001010550000
1516561323,11610.700000000000,0.001029240000
1516561323,11610.700000000000,0.000862940000
1516561347,11939.500000000000,0.000837360000
1516561349,11939.500000000000,0.000320760000
1516561349,11939.500000000000,0.000516600000
1516561352,11940.000000000000,0.000503960000
1516561352,11939.500000000000,0.000333400000
1516561360,11940.000000000000,0.000837360000
1516561364,11940.000000000000,0.000837360000
1516561368,11940.000000000000,0.000837360000
1516561375,11940.000000000000,0.000837360000
1516561377,11940.000000000000,0.000837360000
1516561383,11940.000000000000,0.000779990000
1516561390,11940.000000000000,0.000837360000
1516561402,11940.000000000000,0.000837360000
1516561406,11940.000000000000,0.000837360000
1516561415,11940.000000000000,0.000837360000
1516561416,11940.000000000000,0.000837360000
1516561420,11940.000000000000,0.000837360000
1516561427,11940.000000000000,0.000837360000
1516561435,11940.000000000000,0.000837360000
1516561442,11940.000000000000,0.000837360000
1516561449,11940.000000000000,0.000837360000
1516561456,11940.000000000000,0.000837360000
1516561463,11940.000000000000,0.000837360000
1516561475,11940.000000000000,0.000837360000
1516561480,11940.000000000000,0.000837360000
1516561488,11940.000000000000,0.000837360000
1516561495,11940.000000000000,0.000837360000
1516561497,11940.000000000000,0.000837360000
1516561503,11940.000000000000,0.000837360000
1516561510,11940.000000000000,0.000837360000
1516561521,11940.000000000000,0.000837360000
1516561525,11940.000000000000,0.000837360000
1516561536,11940.000000000000,0.000837360000
1516561540,11940.000000000000,0.000837360000
1516561547,11940.000000000000,0.000837360000
1516561555,11940.000000000000,0.000829990000
1516561562,11940.000000000000,0.000837360000
1516561570,11940.000000000000,0.000837360000
1516561579,11940.000000000000,0.000416160000
1516561598,11940.000000000000,0.000837360000
1516561727,11940.000000000000,0.000837360000
1516561732,11940.000000000000,0.000837360000
1516561739,11940.000000000000,0.000837360000
1516561751,11940.000000000000,0.000837360000
1516561765,11940.000000000000,0.000837360000
1516561790,11940.000000000000,0.000837360000
1516561804,11940.000000000000,0.000837360000
1516561809,11940.000000000000,0.000835680000
1516561811,11940.000000000000,0.003975840000
1516561812,11940.000000000000,0.000624190000
1516561890,11940.000000000000,0.000837360000
1516562023,11940.000000000000,0.000201160000
1516562035,11940.000000000000,0.000837360000
1516562044,11940.000000000000,0.003656050000
1516562044,11800.700000000000,0.002950000000
1516562044,11800.700000000000,0.011523120000
1516562044,11800.700000000000,0.002950000000
1516562086,11939.500000000000,0.000837360000
1516562107,11939.500000000000,0.000837360000
1516562182,11939.500000000000,0.000837360000
1516562195,11800.750000000000,0.006073750000
1516562227,11939.500000000000,0.000837360000
1516562238,11939.500000000000,0.000837360000
1516562252,11939.500000000000,0.000837360000
1516562272,11939.500000000000,0.000837360000
1516562298,11939.500000000000,0.000837360000
1516562360,11939.500000000000,0.000837360000
1516562531,11939.500000000000,0.000837360000
1516562533,11939.500000000000,0.000837360000
1516562591,11939.450000000000,0.000837360000
1516562779,11939.350000000000,0.000837360000
1516562790,11939.350000000000,0.030000000000
1516562798,11939.350000000000,0.000837360000
1516562817,11939.350000000000,0.000837360000
1516563005,11939.350000000000,0.004072990000
1516563081,11939.500000000000,0.003143950000
1516563081,11939.500000000000,0.000929040000
1516563212,11800.000000000000,0.050000000000
1516563212,11799.000000000000,0.119476230000
1516563212,11800.800000000000,0.001690000000
1516563212,11800.800000000000,0.001680000000
1516563212,11800.800000000000,0.003010000000
1516563212,11799.000000000000,0.012266170000
1516563212,11800.800000000000,0.001690000000
1516563212,11800.800000000000,0.012490000000
1516563212,11800.750000000000,0.043926250000
1516563212,11800.800000000000,0.000850000000
1516563212,11800.800000000000,0.012490000000
1516563288,11942.280000000000,0.070293040000
1516563288,11939.500000000000,0.023000000000
1516563288,11939.500000000000,0.006996050000
1516563288,11940.000000000000,0.016438700000
1516563292,11942.280000000000,0.046434750000
1516563294,11942.290000000000,0.050000000000
1516563294,11942.290000000000,0.000837360000
1516563298,11999.000000000000,0.061886690000
1516563307,11999.000000000000,0.061886690000
1516563319,11999.000000000000,0.017449720000
1516563344,11999.000000000000,0.052803340000
1516563351,11999.290000000000,0.010825660000
1516563351,11999.000000000000,0.005973560000
1516563357,11999.290000000000,0.051061030000
1516563432,11800.000000000000,0.002697930000
1516563914,11899.300000000000,0.002590600000
1516563951,11899.300000000000,0.012969400000
1516563951,11899.300000000000,0.015560000000
1516563951,11899.000000000000,0.415240660000
1516563988,11899.000000000000,0.028529400000
1516564290,11800.000000000000,0.011186820000
1516564290,11800.000000000000,0.000787840000
1516565077,11998.600000000000,0.002322760000
1516565077,11998.600000000000,0.015000000000
1516566246,11800.400000000000,0.008790000000
1516566246,11800.400000000000,0.004254640000
1516566509,11800.400000000000,0.004535360000
1516566926,11630.000000000000,0.005872630000
1516566953,11630.000000000000,0.044127370000
1516567022,11620.000000000000,0.005872630000
1516567554,11605.000000000000,0.000086170000
1516567554,11525.610000000000,0.004746930000
1516567554,11605.000000000000,0.000500000000
1516567554,11525.610000000000,0.000264730000
1516567971,11540.000000000000,0.020198520000
1516567973,11540.000000000000,0.004075100000
1516568401,11550.000000000000,0.002789990000
1516568991,11700.000000000000,0.134615380000
1516571176,11587.000000000000,0.001003850000
1516571177,11587.000000000000,0.002750640000
1516571178,11587.000000000000,0.001760940000
1516571828,11587.000000000000,0.002934760000
1516571828,11566.720000000000,0.064187600000
1516571828,11586.620000000000,0.001055530000
1516571828,11587.000000000000,0.004841430000
1516571828,11566.700000000000,0.196728160000
1516573566,11896.000000000000,0.004346000000
1516573914,11603.600000000000,0.002230000000
1516573914,11603.600000000000,0.002230000000
1516573914,11525.000000000000,0.064633410000
1516573914,11522.510000000000,0.010000000000
1516573914,11522.000000000000,0.118754230000
1516573914,11522.520000000000,0.024866090000
1516573914,11522.510000000000,0.010000000000
1516573914,11603.590000000000,0.000861800000
1516573914,11525.000000000000,0.030000000000
1516574008,11522.000000000000,0.000649480000
1516575128,11522.000000000000,0.001774690000
1516575489,11522.000000000000,0.013389020000
1516577158,11530.000000000000,0.000877190000
1516577159,11530.000000000000,0.000279510000
1516577967,11530.000000000000,0.001742920000
1516577967,11530.000000000000,0.011501990000
1516577968,11530.000000000000,0.000789220000
1516578768,11530.000000000000,0.000995500000
1516578768,11530.000000000000,0.000442320000
1516578769,11530.000000000000,0.001873210000
1516579157,11849.000000000000,0.008475000000
1516579175,11849.000000000000,0.006525000000
1516579175,11849.000000000000,0.001950000000
1516579193,11849.000000000000,0.008475000000
1516579200,11850.000000000000,0.003900000000
1516579200,11849.000000000000,0.004575000000
1516579203,11850.000000000000,0.004575000000
1516579208,11849.990000000000,0.001053730000
1516579597,11540.000000000000,0.000526710000
1516579600,11540.000000000000,0.000889110000
1516579670,11949.970000000000,0.026430140000
1516579672,11949.970000000000,0.037571310000
1516579696,11950.000000000000,0.026430140000
1516580046,11670.000000000000,0.006149180000
1516580625,11670.000000000000,0.003850820000
1516580625,11669.990000000000,0.001051410000
1516580625,11680.800000000000,0.015190000000
1516580625,11680.800000000000,0.015170000000
1516580625,11660.540000000000,0.063671200000
1516580625,11661.050000000000,0.010000000000
1516580626,11589.150000000000,0.002477320000
1516580626,11589.150000000000,0.003553580000
1516580627,11589.150000000000,0.000857460000
1516580632,11589.150000000000,0.126915930000
1516580647,11589.150000000000,0.005620760000
1516580655,11589.150000000000,0.003813000000
1516580665,11589.150000000000,0.126915930000
1516580684,11589.150000000000,0.000856170000
1516580687,11589.150000000000,0.000856170000
1516580690,11589.150000000000,0.000856170000
1516580692,11589.150000000000,0.000856170000
1516580693,11589.150000000000,0.048925940000
1516580696,11620.660000000000,0.002986060000
1516581244,11700.000000000000,0.005667270000
1516582019,11700.000000000000,0.003957690000
1516582871,11700.000000000000,0.003771370000
1516582871,11700.000000000000,0.001279820000
1516583104,11700.000000000000,0.000855070000
1516583606,11700.000000000000,0.002522660000
1516584652,11700.000000000000,0.003862610000
1516585294,11700.000000000000,0.008695450000
1516585328,11700.000000000000,0.012770110000
1516586053,11620.660000000000,0.001319530000
1516586183,11700.000000000000,0.001210470000
1516586202,11700.000000000000,0.037028910000
1516586386,11700.000000000000,0.001210470000
1516586390,11700.000000000000,0.000550150000
1516586685,11589.150000000000,0.049782110000
1516586685,11620.660000000000,0.045476520000
1516586685,11620.650000000000,0.001721070000
1516586685,11620.000000000000,0.061978490000
1516586685,11522.500000000000,0.010000000000
1516586685,11522.000000000000,0.398874730000
1516586689,11522.000000000000,0.001652360000
1516590040,11522.010000000000,0.001038260000
1516590044,11522.010000000000,0.002010780000
1516592609,11522.020000000000,0.004820440000
1516593214,11522.020000000000,0.004360670000
1516594601,11547.120000000000,0.004324750000
1516594603,11547.120000000000,0.001737370000
1516594612,11561.360000000000,0.004324750000
1516594612,11699.400000000000,0.003116690000
1516596092,11699.400000000000,0.015000000000
1516596092,11989.800000000000,0.012016680000
1516596092,11989.790000000000,0.001049620000
1516596092,11989.910000000000,0.049859310000
1516596092,11989.790000000000,0.001716770000
1516596092,11699.400000000000,0.011883310000
1516596092,11699.400000000000,0.002300000000
1516596102,11990.000000000000,0.005855590000
1516596102,11989.990000000000,0.001049620000
1516596102,11989.910000000000,0.013627240000
1516596116,11991.920000000000,0.007285600000
1516596121,11991.920000000000,0.007285600000
1516596132,11991.920000000000,0.005387100000
1516596797,11600.400000000000,0.000180000000
1516596797,11600.400000000000,0.001560000000
1516597533,11604.710000000000,0.000882400000
1516597537,11655.980000000000,0.002157690000
1516597539,11662.280000000000,0.017149310000
1516597766,12000.000000000000,0.001666670000
1516597819,11600.400000000000,0.002552640000
1516597819,11600.400000000000,0.001400000000
1516598230,11588.960000000000,0.001725780000
1516598230,11600.560000000000,0.001023230000
1516598230,11577.870000000000,0.002336150000
1516598230,11577.870000000000,0.003102780000
1516598627,11620.500000000000,0.000261180000
1516599667,11620.900000000000,0.008842170000
1516601128,11998.600000000000,0.002917010000
1516603176,11644.500000000000,0.002057020000
1516604044,11700.400000000000,0.000085980000
1516604790,11700.400000000000,0.007734500000
1516606205,11998.600000000000,0.000047510000
1516606506,11700.400000000000,0.000464980000
1516606506,11700.400000000000,0.000399520000
1516606784,11998.600000000000,0.000445830000
1516606932,11998.600000000000,0.003969650000
1516606932,11998.600000000000,0.003311080000
1516606943,11998.600000000000,0.001151810000
1516606943,11998.600000000000,0.002060000000
1516606943,11998.600000000000,0.004068920000
1516606952,11998.600000000000,0.000632540000
1516606952,11998.600000000000,0.006648190000
1516606962,11999.950000000000,0.007043270000
1516606962,11998.600000000000,0.000237460000
1516606972,11999.950000000000,0.005424580000
1516606972,12000.000000000000,0.000134510000
1516606972,11999.940000000000,0.001721460000
1516607155,12000.000000000000,0.000726800000
1516607186,12002.080000000000,0.001791360000
1516607400,12026.660000000000,0.001910590000
1516607411,12026.660000000000,0.001910590000
1516607499,12026.660000000000,0.001910590000
1516607671,12026.660000000000,0.001910590000
1516607704,12026.660000000000,0.001910590000
1516607760,12026.660000000000,0.001910590000
1516608348,12020.000000000000,0.001910590000
1516608351,12020.000000000000,0.001910590000
1516608354,12020.000000000000,0.001910590000
1516608358,12020.000000000000,0.001910590000
1516608361,12020.000000000000,0.001910590000
1516608363,12020.000000000000,0.001910590000
1516608366,12020.000000000000,0.001910590000
1516608372,12020.000000000000,0.007231220000
1516608372,12020.000000000000,0.001910590000
1516608375,12020.000000000000,0.001910590000
1516608377,12020.000000000000,0.001910590000
1516608378,12020.000000000000,0.001910590000
1516608381,12020.000000000000,0.001910590000
1516608383,12020.000000000000,0.001910590000
1516608383,12020.000000000000,0.007231220000
1516608385,12020.000000000000,0.001910590000
1516608388,12020.000000000000,0.001910590000
1516608391,12020.000000000000,0.001910590000
1516608395,12020.000000000000,0.001910590000
1516608397,12020.000000000000,0.001910590000
1516608402,12020.000000000000,0.001910590000
1516608405,12020.000000000000,0.001910590000
1516608410,12020.000000000000,0.001910590000
1516608412,12020.000000000000,0.001910590000
1516608414,12020.000000000000,0.001910590000
1516608417,12020.000000000000,0.001070500000
1516608417,12026.660000000000,0.000840090000
1516608419,12026.660000000000,0.001910590000
1516608421,12026.660000000000,0.001910590000
1516608423,12026.660000000000,0.001910590000
1516608426,12026.660000000000,0.001910590000
1516608428,12026.660000000000,0.001910590000
1516608430,12026.660000000000,0.001910590000
1516608432,12026.660000000000,0.001910590000
1516608434,12026.660000000000,0.001910590000
1516608437,12026.660000000000,0.001910590000
1516608439,12026.660000000000,0.001910590000
1516608441,12026.660000000000,0.001381310000
1516608444,12026.660000000000,0.001381310000
1516608447,12026.660000000000,0.001381310000
1516608449,12026.660000000000,0.001381310000
1516608453,12026.660000000000,0.001381310000
1516608456,12026.660000000000,0.001381310000
1516608460,12026.660000000000,0.001910590000
1516608462,12026.660000000000,0.001910590000
1516608465,12026.660000000000,0.001910590000
1516608467,12026.660000000000,0.001910590000
1516608469,12026.660000000000,0.001910590000
1516608471,12026.660000000000,0.001910590000
1516608473,12026.660000000000,0.001910590000
1516608475,12026.660000000000,0.001910590000
1516608477,12026.660000000000,0.001910590000
1516608479,12026.660000000000,0.001910590000
1516608482,12026.660000000000,0.001910590000
1516608486,12026.660000000000,0.001910590000
1516608488,12026.660000000000,0.001910590000
1516608492,12026.660000000000,0.001910590000
1516608495,12026.660000000000,0.001910590000
1516608497,12026.660000000000,0.001910590000
1516608499,12026.660000000000,0.001910590000
1516608501,12026.660000000000,0.001910590000
1516608502,12026.660000000000,0.007231220000
1516608503,12026.660000000000,0.001910590000
1516608505,12026.660000000000,0.001910590000
1516608507,12026.660000000000,0.001910590000
1516608509,12026.660000000000,0.001910590000
1516608512,12026.660000000000,0.007231220000
1516608513,12026.660000000000,0.001910590000
1516608515,12026.660000000000,0.001910590000
1516608517,12026.660000000000,0.001910590000
1516608520,12026.660000000000,0.001910590000
1516608522,12026.660000000000,0.007231220000
1516608523,12026.660000000000,0.001910590000
1516608526,12026.660000000000,0.001910590000
1516608531,12026.660000000000,0.001910590000
1516608532,12026.660000000000,0.007231220000
1516608533,12026.660000000000,0.001910590000
1516608535,12026.660000000000,0.001910590000
1516608537,12026.660000000000,0.001910590000
1516608540,12026.660000000000,0.001910590000
1516608542,12026.660000000000,0.007231220000
1516608542,12026.660000000000,0.001910590000
1516608544,12026.660000000000,0.001910590000
1516608545,12026.660000000000,0.001910590000
1516608547,12026.660000000000,0.001910590000
1516608549,12026.660000000000,0.001910590000
1516608551,12026.660000000000,0.001910590000
1516608553,12026.660000000000,0.007231220000
1516608553,12026.660000000000,0.001910590000
1516608556,12026.660000000000,0.001910590000
1516608558,12026.660000000000,0.001910590000
1516608560,12026.660000000000,0.001910590000
1516608561,12026.660000000000,0.001910590000
1516608562,12026.660000000000,0.007231220000
1516608563,12026.660000000000,0.001910590000
1516608565,12026.660000000000,0.001910590000
1516608567,12026.660000000000,0.001910590000
1516608569,12026.660000000000,0.001910590000
1516608571,12026.660000000000,0.001910590000
1516608572,12026.660000000000,0.007231220000
1516608573,12026.660000000000,0.001910590000
1516608575,12026.660000000000,0.001910590000
1516608577,12026.660000000000,0.001910590000
1516608579,12026.660000000000,0.001910590000
1516608581,12027.700000000000,0.000719010000
1516608581,12026.660000000000,0.001191580000
1516608582,12027.700000000000,0.001191580000
1516608606,12101.640000000000,0.007219550000
1516608870,12101.630000000000,0.001021480000
1516608872,12101.640000000000,0.001021480000
1516608872,11578.000000000000,0.005417170000
1516608872,12027.690000000000,0.001035940000
1516608872,12027.700000000000,0.001910590000
1516608872,11633.300000000000,0.008840140000
1516608872,11850.900000000000,0.009800000000
1516608872,11850.900000000000,0.022680000000
1516608872,12027.690000000000,0.001035940000
1516608872,11565.790000000000,0.001920320000
1516608872,11522.010000000000,0.059363160000
1516608875,12101.640000000000,0.003331150000
1516608878,12102.140000000000,0.000082630000
1516608878,12102.140000000000,0.003248520000
1516610603,11522.010000000000,0.045000000000
1516610603,11501.000000000000,0.073762870000
1516610603,11510.000000000000,0.046049520000
1516610603,11522.000000000000,0.084905490000
1516610603,11501.500000000000,0.010000000000
1516610603,11520.000000000000,0.030282120000
1516610603,11501.500000000000,0.010000000000
1516610669,11810.000000000000,0.001693480000
1516610793,11501.500000000000,0.001700000000
1516610793,11501.500000000000,0.001700000000
1516610793,11501.000000000000,0.012140120000
1516613687,12630.000000000000,0.002447670000
1516613687,11809.300000000000,0.013380000000
1516613687,12505.530000000000,0.007593440000
1516613687,12155.250000000000,0.000822690000
1516613687,12503.910000000000,0.000639800000
1516613687,11809.300000000000,0.003240000000
1516613687,11809.300000000000,0.013380000000
1516613687,12503.370000000000,0.160000000000
1516613687,12503.410000000000,0.015186880000
1516613687,12655.550000000000,0.013142220000
1516613687,12503.360000000000,0.050000000000
1516617380,11610.000000000000,0.030580800000
1516617492,11686.090000000000,0.000589590000
1516617496,11800.980000000000,0.001167700000
1516620375,11820.000000000000,0.002008460000
1516620376,11734.490000000000,0.007649250000
1516620376,11734.490000000000,0.002502880000
1516620376,11734.490000000000,0.005055330000
1516620376,12269.680000000000,0.004318320000
1516620378,11710.290000000000,0.000853950000
1516620855,12200.000000000000,0.000481140000
1516620978,12200.000000000000,0.001147540000
1516621297,11701.580000000000,0.007406600000
1516621297,11820.400000000000,0.014950000000
1516621297,11750.000000000000,0.001683400000
1516621297,11820.400000000000,0.014960000000
1516621385,11701.580000000000,0.000871290000
1516622302,11898.970000000000,0.002340610000
1516622302,11897.100000000000,0.015000000000
1516622302,11897.100000000000,0.015000000000
1516623199,11730.000000000000,0.001083550000
1516623281,11701.600000000000,0.006044630000
1516623363,11730.000000000000,0.008875090000
1516623389,11701.600000000000,0.006072580000
1516623390,11701.600000000000,0.003102790000
1516623390,11701.600000000000,0.001623760000
1516623775,11998.970000000000,0.005868840000
1516624657,11701.600000000000,0.000436900000
1516626095,11701.600000000000,0.001504800000
1516626099,11790.000000000000,0.000033930000
1516626238,11790.000000000000,0.000514170000
1516626375,11790.000000000000,0.000854960000
1516626494,11701.600000000000,0.001718700000
1516626525,11701.600000000000,0.009935840000
1516626526,11701.600000000000,0.090064160000
1516626613,11710.060000000000,0.064768200000
1516626617,11710.000000000000,0.007180230000
1516626618,11710.000000000000,0.023142550000
1516626656,11710.000000000000,0.116140050000
1516626748,11710.000000000000,0.263473010000
1516626749,11700.000000000000,0.006847030000
1516626915,11790.000000000000,0.002083960000
1516627022,11710.000000000000,0.015210930000
1516627036,11613.500000000000,0.010000000000
1516627036,11550.000000000000,0.353771640000
1516627036,11643.640000000000,0.001717680000
1516627036,11632.000000000000,0.500000000000
1516627036,11613.000000000000,0.103000000000
1516627036,11600.000000000000,0.000709480000
1516627036,11620.000000000000,0.030801200000
1516627073,11632.000000000000,0.104740370000
1516627076,11632.000000000000,0.029566710000
1516627081,11632.000000000000,0.126292360000
1516627092,11631.990000000000,0.126292470000
1516627109,11580.000000000000,0.600000000000
1516627164,11600.000000000000,0.119325560000
1516627178,11600.000000000000,0.997484780000
1516627493,11580.000000000000,0.011374830000
1516627496,11580.000000000000,0.011374830000
1516627512,11580.000000000000,0.011374830000
1516627520,11580.000000000000,0.011374830000
1516627534,11580.000000000000,0.011374830000
1516627536,11580.000000000000,0.062451410000
1516627541,11550.000000000000,1.000000000000
1516627610,11550.000000000000,0.000930380000
1516627610,11550.000000000000,0.000451470000
1516627756,11550.000000000000,1.000000000000
1516627769,11550.000000000000,0.156906660000
1516627776,11550.000000000000,0.240000000000
1516627807,11550.000000000000,0.012787720000
1516627864,11550.000000000000,0.100662060000
1516627866,11550.000000000000,0.100662060000
1516627868,11550.000000000000,0.100662060000
1516627871,11550.000000000000,0.100662060000
1516627873,11550.000000000000,0.100662060000
1516627875,11550.000000000000,0.100662060000
1516627877,11550.000000000000,0.100662060000
1516627879,11550.000000000000,0.100662060000
1516627881,11550.000000000000,0.100662060000
1516627884,11550.000000000000,0.100662060000
1516627885,11550.000000000000,0.100662060000
1516627887,11550.000000000000,0.100662060000
1516627891,11550.000000000000,0.100662060000
1516627894,11550.000000000000,0.100662060000
1516627897,11550.000000000000,0.100662060000
1516627900,11550.000000000000,0.442749380000
1516627901,11550.000000000000,0.012471850000
1516627904,11501.570000000000,0.010000000000
1516627909,11501.070000000000,0.043474220000
1516627909,11501.070000000000,0.000500000000
1516627909,11501.570000000000,0.000230980000
1516627911,11501.060000000000,0.002629320000
1516627913,11501.570000000000,0.009769020000
1516627913,11550.000000000000,0.088190210000
1516627913,11550.000000000000,0.002629320000
1516627916,11550.000000000000,0.100662060000
1516627918,11550.000000000000,0.100662060000
1516627919,11700.000000000000,0.000767900000
1516627920,11550.000000000000,0.100662060000
1516627922,11550.000000000000,0.100662060000
1516627924,11550.000000000000,0.100662060000
1516627927,11550.000000000000,0.100662060000
1516627928,11699.500000000000,0.001030610000
1516627929,11550.000000000000,0.100662060000
1516627931,11550.000000000000,0.100662060000
1516627934,11550.000000000000,0.046495920000
1516627936,11501.000000000000,0.104097010000
1516627941,11550.000000000000,0.000256920000
1516627945,11500.000000000000,0.000030000000
1516627945,11500.000000000000,0.500000000000
1516627945,11500.000000000000,0.018786090000
1516627957,11550.000000000000,0.000316810000
1516627965,11550.000000000000,0.000242160000
1516627977,11550.000000000000,0.000212660000
1516627989,11550.000000000000,0.000173600000
1516627993,11549.990000000000,0.000220470000
1516627997,11549.990000000000,0.001707850000
1516628000,11549.990000000000,0.004530310000
1516628002,11549.990000000000,0.000274280000
1516628019,11549.990000000000,0.000584150000
1516628029,11549.990000000000,0.000164920000
1516628042,11549.980000000000,0.000185750000
1516628060,11549.990000000000,0.000243900000
1516628072,11549.990000000000,0.000403600000
1516628190,11549.990000000000,0.023000000000
1516628496,11350.000000000000,0.001000000000
1516628496,11300.000000000000,0.003964520000
1516628496,11300.500000000000,0.010000000000
1516628496,11400.000000000000,0.003080700000
1516628708,11300.000000000000,0.000742650000
1516628709,11300.000000000000,0.045292830000
1516628710,11300.000000000000,0.000742650000
1516628729,11300.000000000000,0.008849560000
1516628733,11300.000000000000,0.008849560000
1516628735,11300.000000000000,0.008732350000
1516628738,11300.000000000000,0.008849560000
1516628742,11300.000000000000,0.008849560000
1516628754,11548.700000000000,0.000804670000
1516629055,11300.300000000000,0.000159270000
1516629055,11300.300000000000,0.000950000000
1516629062,11300.300000000000,0.000790730000
1516629062,11255.000000000000,0.000318540000
1516629072,11255.000000000000,0.001109270000
1516629075,11255.000000000000,0.001109270000
1516629076,11255.000000000000,0.000825250000
1516629089,11255.000000000000,0.001112500000
1516629096,11255.000000000000,0.001112500000
1516629100,11255.000000000000,0.001112500000
1516629103,11255.000000000000,0.001112500000
1516629107,11255.000000000000,0.001112500000
1516629109,11255.000000000000,0.001112500000
1516629111,11255.000000000000,0.001112500000
1516629113,11255.000000000000,0.001112500000
1516629115,11255.000000000000,0.001112500000
1516629117,11255.000000000000,0.001112500000
1516629119,11255.000000000000,0.000742350000
1516629119,11200.030000000000,0.000370150000
1516629122,11200.030000000000,0.000742350000
1516629126,11200.000000000000,0.017857140000
1516629130,11120.000000000000,0.060000000000
1516629133,11111.500000000000,0.010000000000
1516629137,11111.000000000000,0.155000000000
1516629139,11200.000000000000,0.004633030000
1516629162,11199.700000000000,0.000921420000
1516629203,11199.700000000000,0.009776230000
1516629209,11199.700000000000,0.010070160000
1516629209,11199.700000000000,0.004302350000
1516629245,11200.000000000000,0.009442670000
1516629245,11199.700000000000,0.004929840000
1516629253,11200.030000000000,0.000742350000
1516629253,11200.000000000000,0.003781440000
1516629253,11200.030000000000,0.000370150000
1516629540,11111.900000000000,0.000472640000
1516629933,11548.900000000000,0.001642580000
1516629937,11548.900000000000,0.001442560000
1516630179,11548.900000000000,0.002443290000
1516630321,11500.010000000000,0.009999980000
1516630511,11111.900000000000,0.001705390000
1516630756,11700.000000000000,0.228792440000
1516630756,11548.950000000000,0.000369110000
1516630756,11548.900000000000,0.002965010000
1516630756,11549.970000000000,0.064958000000
1516630756,11550.000000000000,0.099459910000
1516630756,11551.020000000000,0.033013130000
1516630756,11548.940000000000,0.000369110000
1516630908,11997.930000000000,0.080005200000
1516630908,11765.700000000000,0.031455600000
1516630908,11790.000000000000,0.002222310000
1516630908,11765.780000000000,0.043361180000
1516630908,11888.000000000000,0.015196110000
1516630908,11700.000000000000,0.227759600000
1516632751,11520.000000000000,0.001852880000
1516632867,11520.400000000000,0.000909910000
1516632867,11520.400000000000,0.002642990000
1516632875,11520.400000000000,0.002642990000
1516633236,11520.400000000000,0.002642990000
1516633277,11520.400000000000,0.002642990000
1516633290,11520.400000000000,0.002008130000
1516633290,11520.400000000000,0.000634860000
1516633349,11520.400000000000,0.000951080000
1516633355,11520.400000000000,0.000714060000
1516633361,11520.400000000000,0.000536790000
1516633367,11520.400000000000,0.001612360000
1516633391,11520.400000000000,0.002643000000
1516633394,11520.400000000000,0.002643000000
1516633396,11520.400000000000,0.002643000000
1516633398,11520.000000000000,0.001521150000
1516633398,11520.400000000000,0.001121850000
1516633402,11350.000000000000,0.000194980000
1516633402,11520.000000000000,0.002448020000
1516633404,11350.000000000000,0.000625680000
1516633405,11350.000000000000,0.001822340000
1516633427,11130.000000000000,0.001797170000
1516633697,11150.000000000000,0.000731120000
1516634211,11200.000000000000,0.002679000000
1516634299,11150.000000000000,0.015438390000
1516634299,11112.780000000000,0.010584650000
1516634344,11112.810000000000,0.017993520000
1516634423,11112.810000000000,0.019953450000
1516634868,11112.840000000000,0.021467560000
1516634874,11112.840000000000,0.006534240000
1516635079,11112.820000000000,0.001908600000
1516635259,11349.400000000000,0.000819380000
1516635268,11349.400000000000,0.000819380000
1516635878,11112.820000000000,0.014424770000
1516635878,11113.000000000000,0.009001170000
1516636092,11349.400000000000,0.005910000000
1516636092,11349.400000000000,0.004081240000
1516636092,11349.400000000000,0.001090000000
1516636092,11758.780000000000,0.010557120000
1516636092,11821.620000000000,0.005734280000
1516636092,11820.000000000000,0.002635320000
1516636092,11799.970000000000,0.065764100000
1516636092,11991.590000000000,0.043507210000
1516636092,11350.000000000000,0.000820660000
1516636092,11819.500000000000,0.025000000000
1516636092,11800.000000000000,0.016133930000
1516636092,11800.000000000000,0.002671230000
1516636092,11349.400000000000,0.005910000000
1516636092,11349.400000000000,0.023190000000
1516636092,11997.480000000000,0.108064560000
1516636107,11112.850000000000,0.004721100000
1516636172,11112.850000000000,0.010840470000
1516636172,11112.900000000000,0.012320000000
1516636172,11112.900000000000,0.014670000000
1516636172,11112.850000000000,0.063527800000
1516636172,11112.900000000000,0.009000000000
1516636174,11112.860000000000,0.031414060000
1516636174,11112.820000000000,0.078944210000
1516636177,11112.820000000000,0.031414060000
1516636179,11112.820000000000,0.304964100000
1516636182,11112.820000000000,0.304964100000
1516636184,11112.850000000000,0.010813360000
1516636184,11112.820000000000,0.294150740000
1516636187,11112.820000000000,0.304964100000
1516636195,11112.820000000000,0.304964100000
1516636208,11113.000000000000,0.003320000000
1516636208,11113.000000000000,0.003320000000
1516636208,11112.820000000000,0.298324100000
1516636210,11112.820000000000,0.304964100000
1516636214,11112.820000000000,0.304964100000
1516636220,11112.820000000000,0.304964100000
1516636222,11112.820000000000,0.304964100000
1516636224,11112.820000000000,0.304964100000
1516636226,11112.820000000000,0.304964100000
1516636229,11112.820000000000,0.304964100000
1516636232,11112.820000000000,0.245460620000
1516636232,11112.820000000000,0.025178130000
1516636236,11112.780000000000,0.035204070000
1516636239,11112.110000000000,0.035204070000
1516636241,11112.110000000000,0.304964100000
1516636243,11112.110000000000,0.304964100000
1516636246,11112.110000000000,0.304964100000
1516636249,11112.110000000000,0.129806550000
1516636251,11112.000000000000,0.005039600000
1516636268,11101.470000000000,0.010000000000
1516636273,11100.970000000000,0.995229350000
1516636287,11100.970000000000,0.204770650000
1516636312,11100.000000000000,0.005760360000
1516636439,11000.000000000000,0.048851180000
1516636439,11000.000000000000,0.000909090000
1516636526,11000.000000000000,0.064264500000
1516636650,11000.000000000000,0.001894360000
1516636724,11000.000000000000,0.002943420000
1516636778,11000.000000000000,0.000300000000
1516636841,11110.000000000000,0.000089000000
1516636958,11000.000000000000,0.001000000000
1516637081,11000.000000000000,0.002000000000
1516637134,11099.000000000000,0.000083000000
1516637136,11099.000000000000,0.000089330000
1516637140,11099.000000000000,0.000089330000
1516637145,11099.000000000000,0.000089330000
1516637199,11000.000000000000,0.002281650000
1516637598,11099.000000000000,0.000630000000
1516637844,11005.000000000000,0.017262150000
1516637844,11011.010000000000,0.001816360000
1516637844,11000.000000000000,0.005605130000
1516637844,11011.010000000000,0.001816360000
1516637962,11000.000000000000,0.020859760000
1516638201,11110.980000000000,0.008798640000
1516638201,11099.000000000000,0.000980000000
1516638201,11099.000000000000,0.014019010000
1516638201,11099.000000000000,0.015000000000
1516638314,11110.980000000000,0.001756820000
1516638444,11000.500000000000,0.003834610000
1516638555,11109.980000000000,0.002552650000
1516638806,11109.980000000000,0.011012620000
1516638823,11110.980000000000,0.000624600000
1516638843,11110.980000000000,0.000927910000
1516638851,11110.980000000000,0.026895010000
1516639003,11109.970000000000,0.004704780000
1516639018,11109.980000000000,0.002428440000
1516639216,11109.980000000000,0.004810080000
1516639219,11109.980000000000,0.017111520000
1516639227,11110.000000000000,0.015114310000
1516639475,11110.000000000000,0.024860480000
1516639497,11112.000000000000,0.027554890000
1516639499,11112.000000000000,0.000886420000
1516639581,11000.500000000000,0.006010340000
1516639583,11000.500000000000,0.001597230000
1516639593,11111.400000000000,0.003800000000
1516639593,11112.000000000000,0.033692290000
1516639593,11111.400000000000,0.003800000000
1516639595,11112.000000000000,0.000962920000
1516639755,11111.000000000000,0.004477540000
1516639967,11000.500000000000,0.004197820000
1516639967,11000.500000000000,0.007690360000
1516639971,11000.500000000000,0.007949640000
1516639971,11000.500000000000,0.003938540000
1516639973,11000.500000000000,0.003721460000
1516639973,11000.000000000000,0.008166720000
1516639975,11000.000000000000,0.003721460000
1516640798,10742.030000000000,0.002583930000
1516640933,10999.000000000000,0.004446720000
1516640933,10999.000000000000,0.013720000000
1516641002,10999.000000000000,0.007932780000
1516641109,10999.000000000000,0.001000000000
1516641208,11000.000000000000,0.001276250000
1516641208,10999.000000000000,0.000340500000
1516641326,10742.900000000000,0.001020000000
1516641326,10742.900000000000,0.009280000000
1516641326,10742.900000000000,0.009280000000
1516641326,10742.900000000000,0.008110000000
1516641326,10651.500000000000,0.010000000000
1516641326,10742.030000000000,0.047416070000
1516641326,10651.000000000000,0.064893930000
1516641561,10999.700000000000,0.013820000000
1516641561,10999.700000000000,0.003070470000
1516641876,10999.700000000000,0.010749530000
1516641876,10999.990000000000,0.015542070000
1516642356,10999.950000000000,0.014936260000
1516642360,11000.000000000000,0.010000000000
1516642363,11002.080000000000,0.007468130000
1516642386,10689.440000000000,0.000929890000
1516642387,11758.740000000000,0.000845330000
1516643302,10727.560000000000,0.000094150000
1516643303,10723.870000000000,0.002721040000
1516643303,11700.000000000000,0.002494030000
1516643303,10723.870000000000,0.015928940000
1516644592,10800.000000000000,0.001817060000
1516644822,11680.000000000000,0.000051370000
1516645044,10900.600000000000,0.001310240000
1516645228,11111.300000000000,0.004034320000
1516645266,11111.300000000000,0.000806370000
1516645267,11111.300000000000,0.011002990000
1516645267,11111.300000000000,0.007699310000
1516645313,11111.300000000000,0.000810010000
1516645319,11111.300000000000,0.000810010000
1516645322,11111.300000000000,0.000810010000
1516645326,11111.030000000000,0.000423030000
1516645326,11111.300000000000,0.000386980000
1516645330,11111.030000000000,0.000386980000
1516645332,11111.000000000000,0.000386980000
1516645335,11111.000000000000,0.044613470000
1516645887,11498.100000000000,0.000173950000
1516646525,10990.000000000000,0.000805910000
1516646525,10990.060000000000,0.001000900000
1516646532,10990.000000000000,0.000941620000
1516647158,10990.010000000000,0.001813180000
1516647162,10990.000000000000,0.003826270000
1516647471,10990.000000000000,0.001086800000
1516647766,10727.070000000000,0.017995100000
1516647766,10727.070000000000,0.001891720000
1516647910,11450.000000000000,0.008732760000
1516648055,11449.600000000000,0.008200000000
1516648112,11449.600000000000,0.000086000000
1516648429,10800.000000000000,0.006481480000
1516648429,10800.800000000000,0.004470000000
1516648429,10800.800000000000,0.004480000000
1516648429,10821.000000000000,0.500000000000
1516648429,10724.370000000000,0.010000000000
1516648429,10723.870000000000,0.001296780000
1516648429,10700.000000000000,0.173965440000
1516648429,10724.400000000000,0.049306300000
1516648989,11412.990000000000,0.003245020000
1516648989,11412.990000000000,0.009985520000
1516650100,10700.010000000000,0.001283180000
1516650258,10700.010000000000,0.001624530000
1516650263,10700.010000000000,0.000553620000
1516650390,11100.000000000000,0.001869510000
1516650396,11099.300000000000,0.003222250000
1516650409,11099.300000000000,0.003222250000
1516650414,11099.300000000000,0.003222250000
1516650427,11099.300000000000,0.004980020000
1516650431,11099.300000000000,0.003841790000
1516650431,11099.300000000000,0.000353230000
1516650450,11099.300000000000,0.003817710000
1516650822,11099.300000000000,0.004997030000
1516650833,11099.300000000000,0.002343470000
1516650833,11099.300000000000,0.002653560000
1516650838,11099.300000000000,0.003220000000
1516650838,11099.300000000000,0.000566440000
1516650838,11099.300000000000,0.001210590000
1516650846,11099.300000000000,0.002977620000
1516650846,11099.300000000000,0.002019410000
1516650853,10710.400000000000,0.002342490000
1516650855,11099.300000000000,0.002002380000
1516650855,11100.000000000000,0.002994650000
1516650863,11100.000000000000,0.004997030000
1516650878,11100.000000000000,0.000138810000
1516650878,11120.000000000000,0.004858220000
1516650884,11120.000000000000,0.004997030000
1516650894,11120.000000000000,0.002541870000
1516650911,11120.000000000000,0.004992560000
1516650925,11110.000000000000,0.004992560000
1516650928,11110.000000000000,0.004993450000
1516650936,11110.000000000000,0.004993450000
1516650946,11110.000000000000,0.004993450000
1516650952,11110.000000000000,0.004993450000
1516650960,11110.000000000000,0.004993450000
1516650968,11110.000000000000,0.004993450000
1516650977,11110.000000000000,0.002427430000
1516651157,11110.000000000000,0.004997030000
1516651163,11110.000000000000,0.003421650000
1516651523,11100.000000000000,0.004719860000
1516651533,11100.000000000000,0.004994340000
1516651541,11100.000000000000,0.004684990000
1516652291,10720.000000000000,0.004809440000
1516652292,10720.000000000000,0.000554820000
1516652292,10720.000000000000,0.003804320000
1516652293,10720.000000000000,0.004908900000
1516652424,10721.000000000000,0.021210000000
1516652424,10721.000000000000,0.003230000000
1516652424,10720.000000000000,0.013961110000
1516652755,11098.000000000000,0.001105760000
1516652779,11080.000000000000,0.000060260000
1516653306,10720.800000000000,0.009670000000
1516653306,10720.000000000000,0.110156910000
1516653306,10720.800000000000,0.009670000000
1516653306,10720.000000000000,0.013475400000
1516653313,10720.000000000000,0.142972310000
1516653318,10720.000000000000,0.142972310000
1516653322,10720.000000000000,0.142972310000
1516653325,10720.000000000000,0.142972310000
1516653328,10720.000000000000,0.142972310000
1516653331,10720.000000000000,1.023035230000
1516653334,10700.000000000000,0.513884670000
1516653334,10700.000000000000,0.097040830000
1516653334,10710.000000000000,0.001933710000
1516653334,10720.000000000000,0.301946310000
1516653334,10700.000000000000,0.099820560000
1516653334,10705.000000000000,0.008409150000
1516653337,10700.000000000000,0.312289170000
1516653365,10678.000000000000,0.001100000000
1516653385,10678.000000000000,0.000065330000
1516653556,10678.000000000000,0.002939660000
1516653557,10678.000000000000,0.014325280000
1516654055,10680.000000000000,0.007165810000
1516654058,10680.000000000000,0.000486170000
1516654059,10680.000000000000,0.000239650000
1516654093,10680.000000000000,0.000847130000
1516654093,10678.000000000000,0.000096270000
1516654359,10678.000000000000,0.000484930000
1516654673,10678.000000000000,0.015000000000
1516654798,10678.000000000000,0.000050000000
1516654831,11000.000000000000,0.000640370000
1516654831,11000.000000000000,0.000922730000
1516655272,10700.000000000000,0.000050000000
1516655284,10990.000000000000,0.000343040000
1516655284,10990.000000000000,0.000341940000
1516655336,10989.200000000000,0.000563850000
1516655358,10700.000000000000,0.001451930000
1516655366,10988.000000000000,0.001440280000
1516655454,10678.000000000000,0.035898530000
1516655454,10700.000000000000,0.000100870000
1516655459,10678.000000000000,0.000100870000
1516655498,10652.000000000000,0.000050000000
1516655525,10652.000000000000,0.000984830000
1516655528,10652.000000000000,0.002410800000
1516655967,10652.000000000000,0.000050000000
1516656031,10652.000000000000,0.008603510000
1516656031,10651.370000000000,0.010270000000
1516656031,10650.000000000000,0.008292260000
1516656043,10650.000000000000,0.006322160000
1516656144,10650.000000000000,0.002272800000
1516656151,10600.000000000000,0.000050000000
1516656185,10600.000000000000,0.000050000000
1516656198,10987.600000000000,0.000561900000
1516656513,10600.000000000000,0.000400000000
1516656617,10980.000000000000,0.006614550000
1516656816,10550.000000000000,0.000390870000
1516657340,10550.000000000000,0.000627630000
1516657347,10550.000000000000,0.004426230000
1516657427,10800.000000000000,0.000427950000
1516657437,10799.300000000000,0.000896320000
1516657472,10550.500000000000,0.001040000000
1516657472,10550.000000000000,0.046164800000
1516657472,10550.500000000000,0.001040000000
1516657495,10500.000000000000,0.009249530000
1516657495,10550.000000000000,0.038390470000
1516657495,10500.020000000000,0.000604800000
1516657524,10799.300000000000,0.001650270000
1516657686,10500.020000000000,0.000641900000
1516657686,10500.000000000000,0.001063480000
1516657723,10500.000000000000,0.013549260000
1516657954,10699.000000000000,0.001968230000
1516658002,10500.000000000000,0.043940000000
1516658002,10500.800000000000,0.001850000000
1516658002,10500.800000000000,0.001850000000
1516658006,10500.000000000000,0.047640000000
1516658008,10500.000000000000,0.022550570000
1516658011,10500.000000000000,0.022550570000
1516658013,10500.000000000000,0.022550570000
1516658015,10500.000000000000,0.022550570000
1516658017,10500.000000000000,0.022550570000
1516658020,10500.000000000000,0.022550570000
1516658022,10500.000000000000,0.022550570000
1516658024,10500.000000000000,0.022550570000
1516658027,10500.000000000000,0.022550570000
1516658029,10500.000000000000,0.022550570000
1516658032,10500.000000000000,0.022550570000
1516658034,10500.000000000000,0.022550570000
1516658036,10500.000000000000,0.022550570000
1516658040,10697.000000000000,0.013411550000
1516658040,10500.000000000000,0.022550570000
1516658043,10500.000000000000,0.022550570000
1516658046,10500.000000000000,0.022550570000
1516658048,10500.000000000000,0.015740570000
1516658048,10500.600000000000,0.006810000000
1516658050,10500.000000000000,0.015740570000
1516658050,10500.600000000000,0.006810000000
1516658053,10500.000000000000,0.022550570000
1516658056,10500.000000000000,0.022550570000
1516658058,10500.000000000000,0.022550570000
1516658060,10500.000000000000,0.022550570000
1516658063,10500.000000000000,0.022550570000
1516658066,10500.000000000000,0.022550570000
1516658076,10500.000000000000,0.022550570000
1516658078,10500.000000000000,0.022550570000
1516658104,10500.000000000000,0.022550570000
1516658113,10500.000000000000,0.022550570000
1516658119,10500.000000000000,0.022550570000
1516658122,10500.000000000000,0.022550570000
1516658125,10500.000000000000,0.022550570000
1516658127,10500.000000000000,0.047640000000
1516658130,10500.000000000000,0.047640000000
1516658132,10500.000000000000,0.047640000000
1516658135,10500.000000000000,0.047640000000
1516658137,10500.000000000000,0.008550060000
1516658137,10500.000000000000,0.020666670000
1516658137,10500.000000000000,0.018423270000
1516658140,10500.000000000000,0.008550060000
1516658637,10500.000000000000,0.009820660000
1516659075,10697.000000000000,0.020000000000
1516659075,10680.000000000000,0.040000000000
1516659075,10688.990000000000,0.009262140000
1516659284,10970.000000000000,0.000040110000
1516659290,10700.000000000000,0.001114220000
1516659539,10720.000000000000,0.000992950000
1516659540,10720.000000000000,0.003187860000
1516659606,10720.000000000000,0.004873080000
1516659927,10720.000000000000,0.002297590000
1516659966,10720.000000000000,0.028648520000
1516659966,10710.000000000000,0.010270770000
1516659966,10701.000000000000,0.011080710000
1516660386,10500.000000000000,0.002924640000
1516660791,10500.000000000000,0.001057290000
1516660794,10500.000000000000,0.000285250000
1516661042,10557.290000000000,0.003962190000
1516661496,10950.000000000000,0.002746960000
1516662086,10949.400000000000,0.017320000000
1516662086,10950.000000000000,0.015260000000
1516662086,10949.400000000000,0.017320000000
1516662293,10993.610000000000,0.070242570000
1516662293,10990.000000000000,0.054595090000
1516662293,10950.000000000000,0.021993040000
1516662293,10950.000000000000,0.010000000000
1516662351,10994.980000000000,0.238344680000
1516662394,10994.980000000000,0.000105540000
1516662401,10994.980000000000,0.009418100000
1516662428,10994.980000000000,0.009806900000
1516663767,10800.600000000000,0.001641000000
1516663774,10800.600000000000,0.000934680000
1516663775,10800.600000000000,0.007293110000
1516664681,10993.000000000000,0.000317870000
1516664745,10993.000000000000,0.008210000000
1516664745,10993.000000000000,0.000502130000
1516664745,10993.000000000000,0.000820000000
1516666332,10994.980000000000,0.014446570000
1516666445,10834.360000000000,0.087037220000
1516666452,10834.360000000000,0.005169430000
1516666588,10994.980000000000,0.006814930000
1516669297,10994.000000000000,0.018746590000
1516669297,10994.000000000000,0.018300810000
1516669508,10820.000000000000,0.001077570000
1516670127,10903.340000000000,0.000183430000
1516670130,10953.120000000000,0.001047190000
1516670646,10821.670000000000,0.003340520000
1516675945,10820.500000000000,0.000388880000
1516675960,10820.500000000000,0.000559360000
1516676696,10900.010000000000,0.013936290000
1516676821,10900.010000000000,0.011832900000
1516677197,10900.010000000000,0.003684620000
1516678641,10902.000000000000,0.001249220000
1516679086,10902.000000000000,0.001840190000
1516679086,10902.000000000000,0.002601110000
1516679817,10994.980000000000,0.085269090000
1516681320,11160.000000000000,0.023201590000
1516681320,10994.980000000000,0.026797820000
1516681320,11160.000000000000,0.010239740000
1516681320,11160.000000000000,0.018764980000
1516682378,10951.000000000000,0.000959630000
1516686638,10951.000000000000,0.016880000000
1516686638,10951.000000000000,0.015930370000
1516686638,10950.000000000000,0.065829630000
1516686689,10950.000000000000,0.047252560000
1516686854,10900.000000000000,0.000126090000
1516687302,10900.000000000000,0.001698430000
1516687503,10900.000000000000,0.040950210000
1516687506,10900.000000000000,0.008467200000
1516687577,10900.000000000000,0.050074700000
1516690113,10900.000000000000,0.082169610000
1516690319,10814.300000000000,0.070133100000
1516691343,10700.000000000000,0.002333110000
1516691615,10700.000000000000,0.091124830000
1516691616,10700.000000000000,0.001660230000
1516691620,10700.000000000000,0.001660230000
1516691630,10699.990000000000,0.002423360000
1516691865,10600.000000000000,0.228177890000
1516691865,10600.000000000000,0.000560380000
1516691865,10652.000000000000,0.056261730000
1516692532,10600.000000000000,0.000493450000
1516693155,10600.000000000000,0.003446860000
1516694027,10600.000000000000,0.001658570000
1516694275,10698.400000000000,0.003271520000
1516695607,10600.700000000000,0.001650000000
1516695607,10600.700000000000,0.001650000000
1516695607,10600.000000000000,0.002410540000
1516695607,10600.000000000000,0.048812690000
1516695611,10524.670000000000,0.005700890000
1516695614,10536.170000000000,0.006980810000
1516696230,10500.000000000000,0.001376820000
1516696230,10500.000000000000,0.004763310000
1516697742,10697.100000000000,0.007759120000
1516698773,10697.100000000000,0.006809360000
1516698949,10697.100000000000,0.010773770000
1516698949,10697.100000000000,0.001561520000
1516699131,10670.000000000000,0.001568780000
1516699131,10670.000000000000,0.004050000000
1516699133,10670.000000000000,0.002317420000
1516699243,10670.000000000000,0.000163800000
1516699243,10671.340000000000,0.007460200000
1516699289,10671.340000000000,0.046535000000
1516699309,10671.340000000000,0.012939330000
1516699393,10670.340000000000,0.008177860000
1516699412,10670.330000000000,0.139598830000
1516699488,10670.330000000000,0.012973350000
1516699669,10670.330000000000,0.001495730000
1516699883,10670.330000000000,0.018199010000
1516699887,10670.340000000000,0.003042480000
1516699890,10671.350000000000,0.005622530000
1516700200,10771.920000000000,0.000153180000
1516700233,11100.000000000000,0.005667380000
1516700233,10771.920000000000,0.002932620000
1516700499,10760.010000000000,0.027666000000
1516700630,10760.010000000000,0.013074800000
1516700773,10761.000000000000,0.047496000000
1516700779,10760.230000000000,0.160540710000
1516702899,10670.900000000000,0.003212530000
1516702899,10680.000000000000,0.005875470000
1516703217,10759.400000000000,0.001640000000
1516703217,10759.400000000000,0.001450660000
1516703307,10670.900000000000,0.003058100000
1516703315,10759.400000000000,0.000189340000
1516703315,10759.400000000000,0.000200080000
1516703319,10759.400000000000,0.000389420000
1516703705,10670.900000000000,0.001158130000
1516705377,10756.200000000000,0.002060000000
1516705377,10756.200000000000,0.002016270000
1516705428,10670.900000000000,0.001134530000
1516705451,10756.200000000000,0.001634180000
1516705451,10756.200000000000,0.000043730000
1516705467,10757.370000000000,0.000259500000
1516705467,10756.200000000000,0.002495820000
1516705477,10757.370000000000,0.002024650000
1516705493,10757.370000000000,0.000895200000
1516705612,10757.370000000000,0.000045560000
1516705617,10670.900000000000,0.001149820000
1516705617,10670.900000000000,0.014006710000
1516706389,10670.900000000000,0.003886350000
1516706389,10670.900000000000,0.011270180000
1516706394,10670.900000000000,0.008290000000
1516706394,10670.340000000000,0.001669380000
1516706403,10670.340000000000,0.013487150000
1516706570,10756.600000000000,0.001553350000
1516706632,10756.600000000000,0.002903930000
1516706801,10755.000000000000,0.033739650000
1516707254,10755.000000000000,0.046775090000
1516707272,10755.000000000000,0.046775090000
1516707332,10756.600000000000,0.006030000000
1516707332,10756.600000000000,0.020990000000
1516707332,10756.600000000000,0.001950000000
1516707332,10756.600000000000,0.001550000000
1516707332,10757.370000000000,0.014682370000
1516707332,10756.600000000000,0.001572720000
1516707344,10757.370000000000,0.004717700000
1516708036,10670.700000000000,0.002250000000
1516708036,10670.700000000000,0.001158570000
1516708036,10670.700000000000,0.001091430000
1516708036,10670.700000000000,0.007161070000
1516708329,10670.700000000000,0.006830390000
1516709100,10670.700000000000,0.018278540000
1516709453,10500.000000000000,0.050229830000
1516710095,10500.010000000000,0.002735140000
1516711677,10500.010000000000,0.000566400000
1516712823,10500.000000000000,0.035334020000
1516713053,10501.000000000000,0.000098190000
1516713251,10500.000000000000,0.408296020000
1516713251,10501.000000000000,0.018947620000
1516713251,10500.000000000000,0.036831560000
1516713482,10500.000000000000,0.000150190000
1516713484,10500.000000000000,0.000102660000
1516713493,10500.000000000000,0.000177010000
1516713495,10500.000000000000,0.000121450000
1516713496,10500.000000000000,0.000150390000
1516713498,10500.000000000000,0.000126790000
1516713499,10500.000000000000,0.000193100000
1516713501,10500.000000000000,0.000163050000
1516713502,10500.000000000000,0.000189940000
1516713504,10500.000000000000,0.000139640000
1516713505,10500.000000000000,0.000162800000
1516713507,10500.000000000000,0.000111390000
1516713507,10544.220000000000,0.000169440000
1516713508,10500.000000000000,0.000121140000
1516713510,10500.000000000000,0.000137090000
1516713512,10500.000000000000,0.000109630000
1516713513,10500.000000000000,0.000156850000
1516713515,10500.000000000000,0.000166630000
1516713521,10500.000000000000,0.000168450000
1516713524,10500.000000000000,0.000163390000
1516713728,10597.400000000000,0.004690150000
1516714128,10500.500000000000,0.001178770000
1516715096,10597.400000000000,0.009400520000
1516715407,10500.500000000000,0.000110910000
1516715726,10597.400000000000,0.003409330000
1516715726,10597.400000000000,0.001304520000
1516715925,10500.500000000000,0.002360000000
1516715925,10500.500000000000,0.001070320000
1516715925,10500.500000000000,0.000400590000
1516715925,10500.500000000000,0.000290990000
1516716499,10597.400000000000,0.009423940000
1516717033,10597.400000000000,0.000722250000
1516717033,10597.400000000000,0.000990000000
1516717033,10597.400000000000,0.001000000000
1516717033,10597.400000000000,0.006771540000
1516717055,10597.400000000000,0.001977750000
1516717055,10597.400000000000,0.005590000000
1516717055,10597.400000000000,0.001859080000
1516717056,10500.500000000000,0.003821090000
1516717409,10597.390000000000,0.000385060000
1516717600,10681.960000000000,0.003239520000
1516717600,10597.400000000000,0.002360920000
1516717600,10682.960000000000,0.034599080000
1516717600,10597.400000000000,0.013040000000
1516717606,10682.970000000000,0.063219810000
1516717606,10682.960000000000,0.015400920000
1516717612,10682.970000000000,0.001252460000
1516718571,10597.700000000000,0.007680000000
1516718571,10597.700000000000,0.021192000000
1516718571,10598.390000000000,0.020000000000
1516719421,10607.950000000000,0.001115850000
1516719421,10637.180000000000,0.000088620000
1516719424,10637.180000000000,0.001115850000
1516719429,10607.940000000000,0.001254810000
1516719432,10629.260000000000,0.001111670000
1516719448,10607.950000000000,0.001062980000
1516719451,10641.350000000000,0.001457300000
1516719460,10607.950000000000,0.001281890000
1516719463,10607.950000000000,0.001316940000
1516719464,10607.950000000000,0.000168500000
1516719464,10641.300000000000,0.001148440000
1516719466,10641.300000000000,0.000168500000
1516719472,10607.960000000000,0.001095670000
1516719485,10681.500000000000,0.001919210000
1516719793,10683.510000000000,0.045859720000
1516719793,10681.500000000000,0.005690000000
1516719793,10681.500000000000,0.003770790000
1516719793,10681.500000000000,0.005730000000
1516719796,10683.510000000000,0.015190790000
1516720134,10854.600000000000,0.002306770000
1516720333,10685.000000000000,0.008453510000
1516720362,10685.010000000000,0.008429840000
1516721695,10885.990000000000,0.110231000000
1516722630,10886.000000000000,0.000222310000
1516722678,10799.900000000000,0.015836930000
1516723011,10813.800000000000,0.020019000000
1516723011,10799.900000000000,0.020400000000
1516723011,10799.900000000000,0.004583070000
1516723011,10823.040000000000,0.009239550000
1516723011,10684.580000000000,0.020213840000
1516723011,10816.050000000000,0.020000000000
1516723016,10816.050000000000,0.000050080000
1516723027,10684.590000000000,0.009163590000
1516723546,10815.200000000000,0.017500000000
1516723546,10884.980000000000,0.067211000000
1516723546,10815.200000000000,0.017500000000
1516723614,10885.990000000000,0.006561600000
1516723616,10885.990000000000,0.006561600000
1516723617,10885.990000000000,0.021877150000
1516723623,10886.000000000000,0.001309840000
1516723721,10885.000000000000,0.016641000000
1516723734,10886.000000000000,0.009483790000
1516723835,10886.000000000000,0.037961200000
1516723895,10887.120000000000,0.008320660000
1516723895,10888.970000000000,0.001125910000
1516723895,10886.290000000000,0.001377880000
1516724835,11108.920000000000,0.005471470000
1516724836,11108.950000000000,0.005471470000
1516724839,11108.950000000000,0.007009680000
1516724841,11109.000000000000,0.061022860000
1516724843,11110.000000000000,0.024965850000
1516724873,11160.000000000000,0.001557130000
1516724873,11180.000000000000,0.030000000000
1516724873,11180.940000000000,0.010240490000
1516724873,11184.730000000000,0.003245020000
1516724922,11277.410000000000,0.003499030000
1516724952,11499.000000000000,0.001806100000
1516725019,11199.000000000000,0.002275260000
1516725458,11300.500000000000,0.000716920000
1516725536,11320.600000000000,0.008833000000
1516725630,11320.600000000000,0.005866000000
1516725630,11320.600000000000,0.002967000000
1516726304,11399.800000000000,0.007440000000
1516726304,11399.010000000000,0.003544000000
1516726329,11498.300000000000,0.004410000000
1516726329,11579.600000000000,0.000998400000
1516726329,11498.300000000000,0.008810000000
1516726329,11579.600000000000,0.100000000000
1516726329,11579.600000000000,0.001814730000
1516726329,11900.000000000000,0.498289690000
1516726329,11498.300000000000,0.004410000000
1516726329,11699.970000000000,0.000977780000
1516726329,11580.780000000000,0.035112530000
1516726329,11788.580000000000,0.003138630000
1516726329,11498.300000000000,0.007430000000
1516726329,11499.000000000000,0.290164360000
1516726361,11399.800000000000,0.003720000000
1516726361,11399.800000000000,0.003720000000
1516726361,11399.010000000000,0.006710000000
1516726361,11399.800000000000,0.025230000000
1516726695,11399.010000000000,0.014820950000
1516726696,11399.010000000000,0.002390640000
1516727274,11400.000000000000,0.003221050000
1516727274,11400.000000000000,0.010043900000
1516727274,11400.000000000000,0.000446900000
1516727327,11440.000000000000,0.010900700000
1516728016,11399.220000000000,0.039241020000
1516728016,11500.000000000000,0.045859720000
1516728106,11399.260000000000,0.001801530000
1516728161,11399.260000000000,0.023927370000
1516728168,11399.000000000000,0.001754540000
1516728168,11399.000000000000,0.000965000000
1516728169,11399.230000000000,0.187026890000
1516728182,11399.260000000000,0.014937440000
1516728274,11399.260000000000,0.008632670000
1516728696,11499.170000000000,0.064794480000
1516728696,11499.200000000000,0.019306980000
1516728696,11399.260000000000,0.000357260000
1516729013,11252.950000000000,0.001826180000
1516729070,11252.950000000000,0.000395460000
1516729429,11254.950000000000,0.000620170000
1516729510,11264.200000000000,0.000981740000
1516729513,11264.200000000000,0.000462220000
1516729513,11285.990000000000,0.000519740000
1516729522,11266.250000000000,0.000981690000
1516729530,11255.000000000000,0.000320750000
1516729530,11199.000000000000,0.001674550000
1516730017,11199.000000000000,0.000093310000
1516730052,11199.000000000000,0.000046660000
1516730186,11199.000000000000,0.002366300000
1516730188,11199.000000000000,0.000768870000
1516730207,11213.040000000000,0.000995270000
1516730302,11286.490000000000,0.007720530000
1516730371,11286.490000000000,0.000040760000
1516730819,11286.490000000000,0.001276060000
1516731279,11286.490000000000,0.035794180000
1516731279,11286.490000000000,0.015295170000
1516731757,11309.390000000000,0.001024810000
1516731768,11304.640000000000,0.001365810000
1516732239,11356.380000000000,0.000034350000
1516732471,11332.440000000000,0.001142140000
1516732481,11310.580000000000,0.001128140000
1516732489,11310.580000000000,0.001354480000
1516732499,11310.580000000000,0.001327460000
1516732501,11310.580000000000,0.001488710000
1516732503,11310.580000000000,0.001140770000
1516732512,11321.890000000000,0.001366370000
1516732521,11321.890000000000,0.001121720000
1516732532,11321.890000000000,0.001361080000
1516732543,11321.890000000000,0.001019260000
1516732550,11321.880000000000,0.001415840000
1516732556,11321.880000000000,0.001288650000
1516732563,11321.880000000000,0.001210040000
1516732572,11321.880000000000,0.001065190000
1516732581,11321.880000000000,0.001382270000
1516732589,11321.880000000000,0.001194140000
1516732597,11321.880000000000,0.001072260000
1516732607,11321.880000000000,0.001122600000
1516732794,11315.000000000000,0.016968630000
1516733247,11315.000000000000,0.023405030000
1516733247,11315.000000000000,0.001241100000
1516733278,11315.000000000000,0.009385240000
1516733279,11315.000000000000,0.014864900000
1516733279,11315.000000000000,0.098963330000
1516733305,11315.000000000000,0.004124320000
1516733367,11310.580000000000,0.001241910000
1516733368,11310.580000000000,0.001241910000
1516733369,11310.580000000000,0.004536370000
1516733369,11286.490000000000,0.006191810000
1516733369,11286.490000000000,0.002069850000
1516733371,11315.000000000000,0.005794070000
1516733372,11286.490000000000,0.002061950000
1516733378,11315.000000000000,0.000936800000
1516733391,11315.000000000000,0.000890310000
1516733410,11286.490000000000,0.098072440000
1516733410,11286.490000000000,0.001241910000
1516733410,11286.490000000000,0.002063010000
1516733411,11286.490000000000,0.015880580000
1516733412,11286.490000000000,0.001241910000
1516733413,11286.490000000000,0.010436220000
1516733444,11286.490000000000,0.010380790000
1516733457,11286.490000000000,0.014792620000
1516733457,11286.490000000000,0.002106270000
1516733457,11286.490000000000,0.034656350000
1516733457,11286.490000000000,0.001241590000
1516733459,11286.490000000000,0.000493590000
1516733547,11286.490000000000,0.014792620000
1516733547,11286.490000000000,0.002059170000
1516733547,11286.490000000000,0.001239480000
1516733549,11286.490000000000,0.006938610000
1516733550,11315.000000000000,0.000536450000
1516733551,11286.490000000000,0.001239480000
1516733555,11315.000000000000,0.014129670000
1516733609,11286.490000000000,0.050000000000
1516733801,11286.490000000000,0.000844190000
1516733801,11286.490000000000,0.001457630000
1516733840,11498.500000000000,0.001037350000
1516733840,11370.630000000000,0.000075980000
1516734301,11363.640000000000,0.001481490000
1516734301,11370.590000000000,0.001154510000
1516734438,11286.490000000000,0.000445160000
1516734600,11322.420000000000,0.001398770000
1516734791,11293.800000000000,0.001030790000
1516734801,11305.290000000000,0.001046650000
1516734811,11316.600000000000,0.001251300000
1516734843,11316.600000000000,0.001155830000
1516734851,11316.600000000000,0.000927000000
1516734853,11316.600000000000,0.000233510000
1516734857,11316.600000000000,0.000693490000
1516734861,11316.590000000000,0.000368040000
1516734872,11316.590000000000,0.001330880000
1516734875,11316.590000000000,0.001224780000
1516734883,11327.890000000000,0.001079730000
1516734935,11316.590000000000,0.000891350000
1516734942,11316.590000000000,0.000176630000
1516734942,11305.290000000000,0.000814510000
1516734968,11370.640000000000,0.001811820000
1516734968,11370.640000000000,0.001811820000
1516734968,11327.890000000000,0.001154650000
1516734968,11382.600000000000,0.005773480000
1516734997,11322.680000000000,0.001365890000
1516735062,11322.680000000000,0.001317890000
1516735070,11323.190000000000,0.001333740000
1516735794,11334.500000000000,0.001456450000
1516735801,11334.500000000000,0.001398360000
1516736285,11305.280000000000,0.008845420000
1516736285,11323.180000000000,0.007065150000
1516736285,11286.490000000000,0.035498870000
1516736285,11323.180000000000,0.000883140000
1516736285,11305.280000000000,0.001769080000
1516736285,11305.280000000000,0.001769080000
1516736285,11323.180000000000,0.000934370000
1516736285,11323.180000000000,0.000934370000
1516736285,11323.180000000000,0.000883140000
1516736285,11323.180000000000,0.007065150000
1516736285,11323.690000000000,0.010000000000
1516736285,11323.180000000000,0.000934370000
1516736285,11305.290000000000,0.001762480000
1516736285,11334.500000000000,0.011603340000
1516736285,11305.280000000000,0.008845420000
1516736285,11323.180000000000,0.000883140000
1516736285,11323.190000000000,0.000323480000
1516736292,11286.490000000000,0.001172430000
1516736294,11286.490000000000,0.001393290000
1516736296,11286.490000000000,0.001336170000
1516736298,11286.490000000000,0.001491820000
1516736300,11286.490000000000,0.001002340000
1516736302,11286.490000000000,0.001369510000
1516736304,11286.490000000000,0.001238040000
1516736306,11286.490000000000,0.001350600000
1516736308,11286.490000000000,0.001021950000
1516736312,11286.490000000000,0.001386280000
1516736314,11286.490000000000,0.001342000000
1516736316,11286.490000000000,0.001059830000
1516736318,11286.490000000000,0.001342390000
1516736320,11286.490000000000,0.001341150000
1516736322,11286.490000000000,0.001193430000
1516736324,11286.490000000000,0.001251100000
1516736326,11286.490000000000,0.001333400000
1516736328,11286.490000000000,0.001426510000
1516736331,11286.490000000000,0.001050990000
1516736333,11286.490000000000,0.001286670000
1516736335,11286.490000000000,0.001162820000
1516736336,11286.490000000000,0.001092690000
1516736338,11286.490000000000,0.001368030000
1516736340,11286.490000000000,0.001246250000
1516736342,11286.490000000000,0.001484690000
1516736540,11499.500000000000,0.014239210000
1516736540,11499.490000000000,0.050000000000
1516736540,11383.100000000000,0.001657220000
1516736540,11498.500000000000,0.025050000000
1516736540,11498.500000000000,0.006962650000
1516736675,11286.600000000000,0.016800000000
1516736675,11286.490000000000,0.033266280000
1516737053,11286.700000000000,0.000278360000
1516737080,11286.700000000000,0.004452000000
1516737181,11286.700000000000,0.000931500000
1516737363,11286.700000000000,0.002738140000
1516737363,11286.700000000000,0.005600640000
1516738482,11286.700000000000,0.002799360000
1516738882,11354.640000000000,0.002120740000
1516739054,11230.500000000000,0.001102090000
1516739054,11241.240000000000,0.000889580000
1516739330,11230.000000000000,0.002655360000
1516739331,11230.000000000000,0.001170380000
1516739823,11353.500000000000,0.000089850000
1516740022,11297.000000000000,0.002972440000
1516740308,11297.000000000000,0.010983500000
1516740329,11297.000000000000,0.002429820000
1516741083,11199.000000000000,0.001624170000
1516741083,11230.000000000000,0.000626260000
1516741084,11199.000000000000,0.002956990000
1516741087,11199.000000000000,0.022457780000
1516742431,11280.000000000000,0.008875000000
1516743197,11199.000000000000,0.008500000000
1516744159,11199.000000000000,0.000455460000
1516744428,11199.000000000000,0.010000000000
1516745352,11199.000000000000,0.113012480000
1516745903,11199.000000000000,0.000702830000
1516746577,11280.000000000000,0.001892740000
1516746716,11290.000000000000,0.254869330000
1516746716,11289.100000000000,0.016780000000
1516746716,11289.100000000000,0.016780000000
1516746716,11280.000000000000,0.009232260000
1516746716,11289.100000000000,0.001440000000
1516746716,11289.000000000000,0.020000000000
1516747204,11350.000000000000,0.001884600000
1516747418,11400.000000000000,0.009985000000
1516747421,11400.000000000000,0.089864990000
1516747483,11430.000000000000,0.007713380000
1516747493,11430.000000000000,0.007713400000
1516749384,11199.300000000000,0.002917460000
1516749823,11199.300000000000,0.010000000000
1516749843,11199.300000000000,0.005267460000
1516749843,11199.300000000000,0.004732540000
1516749855,11199.300000000000,0.010000000000
1516749861,11108.000000000000,0.008628260000
1516749861,11110.000000000000,0.008989200000
1516749861,11199.300000000000,0.002382540000
1516750124,11106.000000000000,0.014500000000
1516750124,10888.000000000000,0.012578930000
1516750124,11108.000000000000,0.022921070000
1516751003,10750.000000000000,0.002632560000
1516752133,10829.810000000000,0.009000160000
1516753260,10820.000000000000,0.010000000000
1516753630,10791.630000000000,0.003314550000
1516753630,10791.630000000000,0.001318670000
1516753630,11209.100000000000,0.000824280000
1516754197,10800.180000000000,0.000935170000
1516754486,10800.000000000000,0.010000000000
1516754501,10810.000000000000,0.010000000000
1516754514,10820.000000000000,0.003533660000
1516754568,10742.080000000000,0.005000000000
1516754792,10983.220000000000,0.000151140000
1516754966,10778.140000000000,0.005151160000
1516755012,10778.140000000000,0.000412880000
1516755044,10742.080000000000,0.000150490000
1516755114,10794.450000000000,0.000148230000
1516755821,10794.450000000000,0.000353880000
1516756035,10794.450000000000,0.042966340000
1516756035,10794.460000000000,0.050000000000
1516756348,10794.460000000000,0.002345190000
1516757907,10982.200000000000,0.001243410000
1516758240,10900.020000000000,0.001538770000
1516759079,10900.030000000000,0.003982700000
1516760223,10900.000000000000,0.000963550000
1516760831,10900.000000000000,0.004548980000
1516761445,10900.000000000000,0.016976330000
1516761446,10900.000000000000,0.014004480000
1516762703,11900.000000000000,0.008073560000
1516762703,11488.550000000000,0.012551250000
1516762703,11853.330000000000,0.046714860000
1516762703,11400.000000000000,0.112765550000
1516762703,11129.240000000000,0.003971940000
1516762703,11121.600000000000,0.000081490000
1516762703,11097.940000000000,0.001619220000
1516762703,11121.100000000000,0.009922300000
1516762703,10982.200000000000,0.015636590000
1516762703,10982.200000000000,0.016880000000
1516762703,11500.000000000000,0.000260870000
1516762703,11400.000000000000,0.052631580000
1516762703,11129.970000000000,0.001078170000
1516762703,11890.000000000000,0.010000000000
1516762703,11121.070000000000,0.050000000000
1516762874,11899.990000000000,0.078817720000
1516763312,10900.500000000000,0.012803240000
1516763312,10900.500000000000,0.017390000000
1516763368,10900.500000000000,0.000846140000
1516763370,10900.500000000000,0.002225940000
1516763685,11024.100000000000,0.016480000000
1516763685,11024.100000000000,0.012520000000
1516763859,10900.500000000000,0.000280210000
1516764430,10900.500000000000,0.027640820000
1516764430,10900.500000000000,0.001234470000
1516764942,11012.160000000000,0.050000000000
1516765003,11012.160000000000,0.003671480000
1516765670,11014.190000000000,0.002920620000
1516766017,11012.970000000000,0.017162620000
1516766017,11015.220000000000,0.020000000000
1516766624,10814.690000000000,0.001307380000
1516766624,10858.270000000000,0.001162150000
1516766624,10814.690000000000,0.001004290000
1516766700,10835.270000000000,0.000313790000
1516767230,10765.000000000000,0.017793430000
1516767836,10799.990000000000,0.001584260000
1516767836,10863.790000000000,0.022294200000
1516767836,10858.270000000000,0.005121540000
1516768248,10765.000000000000,0.004263290000
1516768720,10765.000000000000,0.001565530000
1516768720,10765.000000000000,0.001933790000
1516768722,10765.000000000000,0.002627380000
1516769467,10765.000000000000,0.003109800000
1516770079,10765.000000000000,0.003497620000
1516771376,10862.700000000000,0.008624060000
1516772530,10766.000000000000,0.002927550000
1516772679,10766.000000000000,0.002013410000
1516773576,10862.700000000000,0.008045940000
1516773576,10862.700000000000,0.002920000000
1516773576,10862.700000000000,0.001660000000
1516773576,10863.790000000000,0.004377180000
1516773576,10862.700000000000,0.002400000000
1516773576,10862.700000000000,0.016670000000
1516773576,10863.840000000000,0.004027120000
1516773606,10865.000000000000,0.052120770000
1516773608,10865.000000000000,0.052120770000
1516773610,10865.000000000000,0.003718970000
1516774356,10766.000000000000,0.000229040000
1516774356,10766.000000000000,0.001421650000
1516775965,10863.690000000000,0.008368000000
1516776008,10864.950000000000,0.011629000000
1516776044,10865.000000000000,0.025194000000
1516776081,10865.000000000000,0.023207000000
1516776092,10982.010000000000,0.000910580000
1516776092,10990.340000000000,0.000820520000
1516776092,10939.020000000000,0.000092330000
1516776092,10990.340000000000,0.000089370000
1516776092,10995.590000000000,0.001368730000
1516776092,11025.590000000000,0.000742620000
1516776527,10942.900000000000,0.006396000000
1516777905,10947.990000000000,0.003653640000
1516777905,11025.590000000000,0.000247860000
1516777905,11025.090000000000,0.005814500000
1516778353,11058.770000000000,0.000452130000
1516779166,10928.000000000000,0.003317940000
1516781350,11400.000000000000,0.023653460000
1516781350,11002.500000000000,0.024952500000
1516781350,11057.700000000000,0.001460000000
1516781350,11152.830000000000,0.000090560000
1516781350,11003.000000000000,0.027265290000
1516781350,11238.460000000000,0.000089870000
1516781350,11057.700000000000,0.001460000000
1516781350,10967.770000000000,0.001381320000
1516781350,11174.650000000000,0.000647000000
1516783208,11400.000000000000,0.000789480000
1516785691,10951.360000000000,0.000912670000
1516785726,10931.800000000000,0.001410770000
1516785772,10951.360000000000,0.000146470000
1516785829,10931.800000000000,0.002950000000
1516785829,10931.800000000000,0.019460000000
1516785829,10850.040000000000,0.021882220000
1516785829,10931.800000000000,0.010939230000
1516786052,11699.990000000000,0.021000000000
1516786052,10950.600000000000,0.017350000000
1516786052,10951.360000000000,0.000870300000
1516786052,11689.440000000000,0.013646720000
1516786052,10950.600000000000,0.017350000000
1516786052,11690.000000000000,0.006462680000
1516786052,11400.000000000000,0.028188640000
1516786052,11700.000000000000,0.072167670000
1516786330,10888.000000000000,0.020792030000
1516788630,11050.900000000000,0.001940190000
1516790489,11679.200000000000,0.000940000000
1516790489,11682.530000000000,0.007046780000
1516790489,11682.580000000000,0.008823310000
1516790489,11687.770000000000,0.010000000000
1516790489,11679.200000000000,0.001910000000
1516790489,11679.200000000000,0.000950000000
1516790489,11682.580000000000,0.008823310000
1516790489,11679.820000000000,0.006823360000
1516790489,11679.200000000000,0.000950000000
1516790489,11679.810000000000,0.100000000000
1516790489,11900.000000000000,0.160869510000
1516790489,11682.530000000000,0.000888080000
1516790489,11681.850000000000,0.005000000000
1516790489,11700.000000000000,0.079414080000
1516790489,11682.530000000000,0.000881370000
1516790489,11655.000000000000,0.020700000000
1516790489,11682.530000000000,0.000881370000
1516790489,11682.580000000000,0.001764660000
1516790719,11699.990000000000,0.000085470000
1516790731,11720.000000000000,0.007261020000
1516790731,11720.000000000000,0.002126060000
1516790733,11720.000000000000,0.000612920000
1516791185,11249.000000000000,0.150000000000
1516791191,11250.000000000000,0.090016890000
1516791205,11250.000000000000,0.008608000000
1516791248,11250.000000000000,0.001375110000
1516791248,11250.000000000000,0.150000000000
1516791279,11250.000000000000,0.100000000000
1516791319,11250.000000000000,0.100000000000
1516791321,11202.000000000000,0.000181370000
1516791345,11250.000000000000,0.100000000000
1516791360,11599.990000000000,0.016048460000
1516791360,11485.600000000000,0.000612910000
1516791360,11485.600000000000,0.000612910000
1516791363,11250.000000000000,0.021200000000
1516791370,11250.000000000000,0.078800000000
1516791390,11250.000000000000,0.100000000000
1516791512,11278.000000000000,0.107334630000
1516791610,11251.060000000000,0.005243950000
